<record xmlns:xsi="http://www.w3.org/2001/XMLSchema-instance" xmlns="http://www.loc.gov/MARC21/slim" xsi:schemaLocation="http://www.loc.gov/MARC21/slim http://www.loc.gov/standards/marcxml/schema/MARC21slim.xsd">

  <leader>00401nam a2200133Ia 4500</leader>
  <datafield tag="090" ind1=" " ind2=" ">
    <subfield code="a">DOC  #67</subfield>
  </datafield>
  <datafield ind1=" " ind2=" " tag="110">
    <subfield code="a">Oficina Internacional del Trabajo (OIT)</subfield>
  </datafield>
  <datafield ind2=" " ind1=" " tag="245">
    <subfield code="a">Trabajo infantil doméstico en hogares de terceros en Honduras</subfield>
  </datafield>
  <datafield ind2=" " ind1=" " tag="260">
    <subfield code="a">San josé, Costa Rica : </subfield>
    <subfield code="b">OIT, </subfield>
    <subfield code="c">2003? </subfield>
  </datafield>
  <datafield ind2=" " ind1=" " tag="300">
    <subfield code="a">TRABAJO INFANTIL DOMESTICO </subfield>
  </datafield>
  <datafield tag="650" ind1=" " ind2=" ">
    <subfield code="a">DERECHOS DE LOS NIÑOS </subfield>
  </datafield>
  <datafield tag="651" ind1=" " ind2=" ">
    <subfield code="a">HONDURAS</subfield>
  </datafield>
  <datafield ind2=" " ind1=" " tag="942">
    <subfield code="p">001118</subfield>
  </datafield>
  <datafield ind2=" " ind1=" " tag="999">
    <subfield code="c">2529</subfield>
    <subfield code="d">2529</subfield>
  </datafield>
</record>